<record><leader>00000cas a22000007i 4500</leader><controlfield tag="001">954489795</controlfield><controlfield tag="008">160802c20169999gaudn n       0   a0eng  </controlfield><datafield ind1=" " ind2=" " tag="010"><subfield code="a">  2016202813</subfield></datafield><datafield ind1=" " ind2=" " tag="040"><subfield code="a">DLC</subfield><subfield code="e">rda</subfield><subfield code="c">DLC</subfield><subfield code="b">eng</subfield><subfield code="d">DLC</subfield><subfield code="d">OCLCF</subfield></datafield><datafield ind1=" " ind2=" " tag="012"><subfield code="m">1</subfield></datafield><datafield ind1="0" ind2=" " tag="022"><subfield code="a">2473-6929</subfield><subfield code="2">1</subfield></datafield><datafield ind1=" " ind2=" " tag="032"><subfield code="a">384260</subfield><subfield code="b">USPS</subfield></datafield><datafield ind1=" " ind2=" " tag="037"><subfield code="b">16 Jefferson St., P.O. Box 1052, Newnan, GA 30264</subfield></datafield><datafield ind1=" " ind2=" " tag="042"><subfield code="a">nsdp</subfield><subfield code="a">pcc</subfield></datafield><datafield ind1="1" ind2="0" tag="050"><subfield code="a">ISSN RECORD</subfield></datafield><datafield ind1="1" ind2="0" tag="082"><subfield code="a">071</subfield><subfield code="2">15</subfield></datafield><datafield ind1="0" ind2=" " tag="130"><subfield code="a">Newnan times-herald (2016)</subfield></datafield><datafield ind1=" " ind2="4" tag="222"><subfield code="a">The Newnan times-herald.</subfield></datafield><datafield ind1="0" ind2="4" tag="245"><subfield code="a">The Newnan times-herald.</subfield></datafield><datafield ind1=" " ind2="1" tag="264"><subfield code="a">Newnan, GA :</subfield><subfield code="b">The Newnan Times-Herald, Inc.,</subfield><subfield code="c">2016</subfield></datafield><datafield ind1=" " ind2=" " tag="310"><subfield code="a">Wednesday to Sunday</subfield></datafield><datafield ind1=" " ind2=" " tag="336"><subfield code="a">text</subfield><subfield code="b">txt</subfield><subfield code="2">rdacontent</subfield></datafield><datafield ind1=" " ind2=" " tag="337"><subfield code="a">unmediated</subfield><subfield code="b">n</subfield><subfield code="2">rdamedia</subfield></datafield><datafield ind1=" " ind2=" " tag="338"><subfield code="a">volume</subfield><subfield code="b">nc</subfield><subfield code="2">rdacarrier</subfield></datafield><datafield ind1="1" ind2=" " tag="362"><subfield code="a">Began with July 20, 2016?</subfield></datafield><datafield ind1=" " ind2=" " tag="588"><subfield code="a">Description based on: July 20, 2016 (surrogate); title from caption.</subfield></datafield><datafield ind1=" " ind2=" " tag="588"><subfield code="a">Latest issue consulted: July 20, 2016 (surrogate).</subfield></datafield><datafield ind1=" " ind2="0" tag="651"><subfield code="a">Coweta County (Ga.)</subfield><subfield code="v">Newspapers.</subfield></datafield><datafield ind1=" " ind2="7" tag="655"><subfield code="a">Newspapers.</subfield><subfield code="2">fast</subfield><subfield code="0">(OCoLC)fst01423814</subfield></datafield><datafield ind1=" " ind2="7" tag="651"><subfield code="a">Georgia</subfield><subfield code="z">Coweta County.</subfield><subfield code="2">fast</subfield><subfield code="0">(OCoLC)fst01211861</subfield></datafield><datafield ind1="0" ind2="0" tag="780"><subfield code="t">Times-herald (Newnan, Ga.)</subfield><subfield code="x">1096-5041</subfield><subfield code="w">(DLC)sn 97004977</subfield><subfield code="w">(OCoLC)37810083</subfield></datafield><datafield ind1="4" ind2="2" tag="856"><subfield code="u">http://times-herald.com/</subfield></datafield></record>